<?xml version="1.0" encoding="UTF-8"?><record xmlns="http://www.loc.gov/MARC21/slim" xmlns:cinclude="http://apache.org/cocoon/include/1.0" xmlns:zs="http://www.loc.gov/zing/srw/">
  <leader>00843cz  a2200145n  4500</leader>
  <controlfield tag="001">n  90602569 </controlfield>
  <controlfield tag="003">DLC</controlfield>
  <controlfield tag="005">20120807083920.0</controlfield>
  <controlfield tag="008">900112n| acannaab           |a ana      </controlfield>
  <datafield tag="010" ind1=" " ind2=" ">
    <subfield code="a">n  90602569 </subfield>
  </datafield>
  <datafield tag="040" ind1=" " ind2=" ">
    <subfield code="a">DLC</subfield>
    <subfield code="b">eng</subfield>
    <subfield code="c">DLC</subfield>
    <subfield code="d">DLC</subfield>
  </datafield>
  <datafield tag="111" ind1="2" ind2=" ">
    <subfield code="a">Tagung "Frauenforschung und Frauen in der Forschung: viel getan und viel zu tun"</subfield>
    <subfield code="d">(1988 :</subfield>
    <subfield code="c">Bonn, Germany)</subfield>
  </datafield>
  <datafield tag="411" ind1="2" ind2=" ">
    <subfield code="a">Workshop "Frauenforschung und Frauen in der Forschung: viel getan und viel zu tun"</subfield>
    <subfield code="d">(1988 :</subfield>
    <subfield code="c">Bonn, Germany)</subfield>
  </datafield>
  <datafield tag="667" ind1=" " ind2=" ">
    <subfield code="a">THIS 1XX FIELD CANNOT BE USED UNDER RDA UNTIL THIS RECORD HAS BEEN REVIEWED AND/OR UPDATED</subfield>
  </datafield>
  <datafield tag="670" ind1=" " ind2=" ">
    <subfield code="a">Frauenforschung und Frauen in der Forschung, c1988:</subfield>
    <subfield code="b">p. i (Tagung "Frauenforschung und Frauen in der Forschung: viel getan und viel zu tun"; held Feb. 3-5, 1988, in Bonn) p. 1 (Workshop "Frauenforschung und Frauen in der Forschung: viel getan und viel zu tun")</subfield>
  </datafield>
</record>